@article{cooley1965,
  author    = {Cooley, James W. and Tukey, John W.},
  title     = {An Algorithm for the Machine Calculation of Complex Fourier Series},
  journal   = {Mathematics of Computation},
  volume    = {19},
  number    = {90},
  pages     = {297--301},
  year      = {1965},
  publisher = {American Mathematical Society},
  doi       = {10.1090/S0025-5718-1965-0178586-1}
}

@book{oppenheim2010,
  author    = {Oppenheim, Alan V. and Schafer, Ronald W.},
  title     = {Discrete-Time Signal Processing},
  edition   = {3rd},
  publisher = {Pearson},
  year      = {2010},
  isbn      = {9780131988422}
}

@book{proakis2007,
  author    = {Proakis, John G. and Manolakis, Dimitris K.},
  title     = {Digital Signal Processing: Principles, Algorithms, and Applications},
  edition   = {4th},
  publisher = {Pearson Prentice Hall},
  year      = {2007},
  isbn      = {9780131873742}
}

@book{smith1997,
  author    = {Smith, Steven W.},
  title     = {The Scientist and Engineer's Guide to Digital Signal Processing},
  publisher = {California Technical Publishing},
  year      = {1997},
  note      = {\url{http://www.dspguide.com/}}
}

@misc{wikipediaFFT,
  author    = {{Wikipedia contributors}},
  title     = {Fast Fourier transform --- Wikipedia{,} The Free Encyclopedia},
  year      = {2024},
  note      = {Accessed June 17, 2025},
  url       = {https://en.wikipedia.org/wiki/Fast_Fourier_transform}
}
